
@book{bib01,
  title={Storytelling con datos : visualizaci{\'o}n de datos para profesionales de los negocios},
  author={Nussbaumer, C. and Fominaya, D.G.},
  isbn={9788441539303},
  series={Social business},
  url={https://books.google.com.pe/books?id=eUzctAEACAAJ},
  year={2017},
  publisher={Anaya Multimedia}
}

@book{bib02,
	title={Data storytelling: generare valore dalla rappresentazione delle informazioni},
	author={Knaflic, C.N.},
	isbn={9788850317844},
	series={Web marketing},
	url={https://books.google.com.pe/books?id=GJ7BDAAAQBAJ},
	year={2016},
	publisher={Feltrinelli Editore}
}

@book{bib03,
	title={Infograf{\'\i}as: el poder del storytelling visual},
	author={Lankow, Jason and Crooks, Ross and Ritchie, Josh},
	year={2013},
	publisher={Grupo Planeta (GBS)}
}

@book{bib04,
	title={Siete reglas del storytelling, Las: Inspire a su equipo con liderazgo aut{\'e}ntico},
	author={Sadowsky, John and Roche, Lo{\"\i}ck},
	year={2013},
	publisher={Ediciones Granica}
}

